@book{boehmke2019hands,
  title={Hands-on machine learning with R},
  author={Boehmke, Brad and Greenwell, Brandon M},
  year={2019},
  publisher={CRC press}
}
